% This file was created with JabRef 2.5.
% Encoding: ISO8859_1

@article{freymuth1966transition,
  title={On transition in a separated laminar boundary layer},
  author={Freymuth, Peter},
  journal={Journal of Fluid Mechanics},
  volume={25},
  number={4},
  pages={683--704},
  year={1966},
  publisher={Cambridge University Press}
}

@article{ando1969sound,
  title={On the sound radiation from semi-infinite circular pipe of certain wall thickness},
  author={Ando, Y},
  journal={Acta Acustica united with Acustica},
  volume={22},
  number={4},
  pages={219--225},
  year={1969},
  publisher={S. Hirzel Verlag}
}

@inproceedings{howe1981role,
  title={The role of displacement thickness fluctuations in hydroacoustics, and the jet-drive mechanism of the flue organ pipe},
  author={Howe, MS},
  booktitle={Proceedings of the Royal Society of London A: Mathematical, Physical and Engineering Sciences},
  volume={374},
  number={1759},
  pages={543--568},
  year={1981},
  organization={The Royal Society}
}

@article{howe1984absorption,
  title={On the absorption of sound by turbulence and other hydrodynamic flows},
  author={Howe, MS},
  journal={IMA Journal of Applied Mathematics},
  volume={32},
  number={1-3},
  pages={187--209},
  year={1984},
  publisher={Oxford University Press}
}

@phdthesis{da2008numerical,
  title={Numerical studies of aeroacoustic aspects of wind instruments},
  author={Da Silva, Andrey Ricardo},
  year={2008},
  school={McGill University}
}



@article{grad1949kinetic,
  title={On the kinetic theory of rarefied gases},
  author={Grad, Harold},
  journal={Communications on pure and applied mathematics},
  volume={2},
  number={4},
  pages={331--407},
  year={1949},
  publisher={Wiley Online Library}
}


@article{alfredson1970radiation,
  title={The radiation of sound from an engine exhaust},
  author={Alfredson, RJ and Davies, POAL},
  journal={Journal of Sound and Vibration},
  volume={13},
  number={4},
  pages={389--408},
  year={1970},
  publisher={Elsevier}
}

@online{matlab,
  author = {Project MATLAB},
  title = {MATLAB Home page},
  year = 2017,
  url = {https://www.mathworks.com/products/matlab.html}
}

@online{octave,
  author = {Project Octave},
  title = {Octave Home page},
  year = 2017,
  url = {https://www.gnu.org/software/octave}
}

@online{palabos_acoustic,
  author = {Project Palabos-Acoustic},
  title = {Reposit√≥rio do Projeto Palabos Acoustic},
  year = 2017,
  url = {https://github.com/josepedro/palabos_acoustic}
}

@online{paraview,
  author = {Project Paraview},
  title = {Paraview Home page},
  year = 2017,
  url = {http://www.paraview.org}
}

@article{lattice_1,
  title = "Structure of a turbulent flow through plane channels with smooth and rough walls: An analysis based on high resolution {DNS} results",
  journal = "Computers and Fluids",
  volume = 107,
  pages = "77 -- 88",
  year = 2015,
  url = "http://dx.doi.org/10.1016/j.compfluid.2014.10.012",
  author = "Y. Jin and M.F. Uth and H. Herwig"
}

@article{lattice_2,
  author = "Papenkort, S and Voigtmann, Th",
  title = "Lattice Boltzmann simulations of a viscoelastic shear-thinning fluid",
  journal = "arXiv.org",
  volume = "arXiv:1504.06123",
  year = 2015,
  url = "http://http://arxiv.org/abs/1504.06123"
}

@article{lattice_3,
  title = "Permeability of Two-Component Granular Materials",
  author = "Daigle, Hugh and Reece, Julia S",
  journal = "Transport in Porous Media",
  volume = 106,
  number = 3,
  pages = "523--544",
  year = 2015,
  url = "http://dx.doi.org/10.1007/s11242-014-0412-6"
}

@article{lattice_4,
  title = "Effective diffusivity in partially-saturated carbon-fiber gas diffusion layers: Effect of local saturation and application to macroscopic continuum models",
  journal = "Journal of Power Sources",
  volume = 296,
  pages = "440 -- 453",
  year = 2015,
  url = "http://dx.doi.org/10.1016/j.jpowsour.2015.07.034",
  author = "Pablo A. Garcia-Salaberri and Jeff T. Gostick and Gisuk Hwang and Adam Z. Weber and Marcos Vera"
}

@article{lattice_5,
  title = "Modeling of mass and charge transport in a solid oxide fuel cell anode structure by a 3D lattice Boltzmann approach",
  author = "Paradis, Hedvig and Andersson, Martin and Sund{\'e}n, Bengt",
  journal = "Heat and Mass Transfer",
  pages = "1--12",
  year = 2015,
  url = "http://dx.doi.org/10.1007/s00231-015-1670-8"
}

@online{numeric_palabos,
  author = {Inc. FlowKit},
  title = {Lattice Boltzmann in various languages},
  year = 2017,
  url = {http://wiki.palabos.org/numerics:codes}
}

@book{stallman2002free,
  title={Free software, free society: Selected essays of Richard M. Stallman},
  author={Stallman, Richard},
  year={2002},
  publisher={Lulu. com}
}

@article{da2016prediction,
  title={Prediction of sound absorption in rigid porous media with the lattice Boltzmann method},
  author={da Silva, Andrey Ricardo and Mareze, Paulo and Brand{\~a}o, Eric},
  journal={Journal of Physics A: Mathematical and Theoretical},
  volume={49},
  number={6},
  pages={065501},
  year={2016},
  publisher={IOP Publishing}
}

@phdthesis{viggen2014lattice,
  title={The lattice Boltzmann method: Fundamentals and acoustics},
  author={Viggen, Erlend Magnus},
  year={2014}
}


@article{d1994generalized,
  title={Generalized lattice-Boltzmann equations},
  author={D'Humieres, Dominique},
  journal={Progress in Astronautics and Aeronautics},
  volume={159},
  pages={450--450},
  year={1994},
  publisher={AMERICAN INST OF AERONAUTICS AND ASTRONAUTICS}
}

@article{lallemand2000theory,
  title={Theory of the lattice Boltzmann method: Dispersion, dissipation, isotropy, Galilean invariance, and stability},
  author={Lallemand, Pierre and Luo, Li-Shi},
  journal={Physical Review E},
  volume={61},
  number={6},
  pages={6546},
  year={2000},
  publisher={APS}
}

@article{premnath2013investigation,
  title={An investigation of the lattice Boltzmann method for large eddy simulation of complex turbulent separated flow},
  author={Premnath, Kannan N and Pattison, Martin J and Banerjee, Sanjoy},
  journal={Journal of Fluids Engineering},
  volume={135},
  number={5},
  pages={051401},
  year={2013},
  publisher={American Society of Mechanical Engineers}
}

@article{wolf,
  title={Lattice-gas cellular automata and lattice Boltzmann models-Introduction},
  author={Wolf-Gladrow, Dieter A},
  journal={LATTICE-GAS CELLULAR AUTOMATA AND LATTICE BOLTZMANN MODELS},
  volume={1725},
  pages={1--13},
  year={2000},
  publisher={SPRINGER-VERLAG BERLIN HEIDELBERGER PLATZ 3, D-14197 BERLIN, GERMANY}
}

@article{bgk,
  title={A model for collision processes in gases. I. Small amplitude processes in charged and neutral one-component systems},
  author={Bhatnagar, Prabhu Lal and Gross, Eugene P and Krook, Max},
  journal={Physical review},
  volume={94},
  number={3},
  pages={511},
  year={1954},
  publisher={APS}
}

@article{he,
  title={Theory of the lattice Boltzmann method: From the Boltzmann equation to the lattice Boltzmann equation},
  author={He, Xiaoyi and Luo, Li-Shi},
  journal={Physical Review E},
  volume={56},
  number={6},
  pages={6811},
  year={1997},
  publisher={APS}
}

@article{howe1979,
  title={Attenuation of sound in a low Mach number nozzle flow},
  author={Howe, MS},
  journal={Journal of Fluid Mechanics},
  volume={91},
  number={02},
  pages={209--229},
  year={1979},
  publisher={Cambridge Univ Press}
}

@article{hirschberg2014,
  title={Comments on the low frequency radiation impedance of a duct exhausting a hot gas},
  author={Hirschberg, Avraham and Hoeijmakers, Maarten},
  journal={The Journal of the Acoustical Society of America},
  volume={136},
  number={2},
  pages={EL84--EL89},
  year={2014},
  publisher={ASA}
}

@article{tiikoja2014,
  title={Experimental investigations of sound reflection from hot and subsonic flow duct termination},
  author={Tiikoja, Heiki and Lavrentjev, J{\"u}ri and R{\"a}mmal, Hans and {\AA}bom, Mats},
  journal={Journal of Sound and Vibration},
  volume={333},
  number={3},
  pages={788--800},
  year={2014},
  publisher={Elsevier}
}

@article{reis2007,
  title={Modified lattice Boltzmann model for axisymmetric flows},
  author={Reis, Timothy and Phillips, Timothy Nigel},
  journal={Physical Review E},
  volume={75},
  number={5},
  pages={056703},
  year={2007},
  publisher={APS}
}

@article{peters1993,
  title={Damping and reflection coefficient measurements for an open pipe at low Mach and low Helmholtz numbers},
  author={Peters, MCAM and Hirschberg, A and Reijnen, AJ and Wijnands, APJ},
  journal={Journal of Fluid Mechanics},
  volume={256},
  pages={499--534},
  year={1993},
  publisher={Cambridge Univ Press}
}

@book{wolf2004,
  title={Lattice-gas cellular automata and lattice Boltzmann models: an introduction},
  author={Wolf-Gladrow, Dieter A},
  year={2004},
  publisher={Springer}
}


@article{sterling1996,
  title={Stability analysis of lattice Boltzmann methods},
  author={Sterling, James D and Chen, Shiyi},
  journal={Journal of Computational Physics},
  volume={123},
  number={1},
  pages={196--206},
  year={1996},
  publisher={Elsevier}
}


@article{frisch1986,
  title={Lattice-gas automata for the Navier-Stokes equation},
  author={Frisch, Uriel and Hasslacher, Brosl and Pomeau, Yves},
  journal={Physical review letters},
  volume={56},
  number={14},
  pages={1505},
  year={1986},
  publisher={APS}
}


@online{palabos,
  author = {Project Palabos},
  title = {Palabos Home page},
  year = 2017,
  url = {http://www.palabos.org}
}

@article{gabard2006,
  title={Theoretical model for sound radiation from annular jet pipes: far-and near-field solutions},
  author={Gabard, Gwnal and Astley, RJ},
  journal={Journal of Fluid Mechanics},
  volume={549},
  pages={315},
  year={2006},
  publisher={Cambridge University Press}
}


@article{marie2009,
  title={Comparison between lattice Boltzmann method and Navier--Stokes high order schemes for computational aeroacoustics},
  author={Mari{\'e}, Simon and Ricot, Denis and Sagaut, Pierre},
  journal={Journal of Computational Physics},
  volume={228},
  number={4},
  pages={1056--1070},
  year={2009},
  publisher={Elsevier}
}


@article{nomura1960,
  title={On the acoustic radiation from a flanged circular pipe},
  author={Nomura, Y{\^u}kichi and Yamamura, Ichir{\^o} and Inawashiro, Sakari},
  journal={Journal of the Physical Society of Japan},
  volume={15},
  number={3},
  pages={510--517},
  year={1960},
  publisher={The Physical Society of Japan}
}

@article{davies1987,
  title={Plane wave reflection at flow intakes},
  author={Davies, POAL},
  journal={Journal of sound and vibration},
  volume={115},
  number={3},
  pages={560--564},
  year={1987},
  publisher={Academic Press}
}



@article{ingard1975,
  title={Effect of flow on the acoustic resonances of an open-ended duct},
  author={Ingard, Uno and Singhal, Vijay K},
  journal={The Journal of the Acoustical Society of America},
  volume={58},
  number={4},
  pages={788--793},
  year={1975},
  publisher={ASA}
}


@phdthesis{english2010,
  title={A measurement based study of the acoustics of pipe systems with flow},
  author={English, Emmet J},
  year={2010},
  school={University of Southampton}
}

@article{rienstra1980,
  title={On the acoustical implications of vortex shedding from an exhaust pipe},
  author={Rienstra, SW},
  journal={American Society of Mechanical Engineers},
  volume={1},
  pages={17--21},
  year={1980}
}


@online{powerflow,
  author = {Inc. PowerFLOW},
  title = {EXA Home page},
  year = 2017,
  url = {http://exa.com/en/product/simulation-tools/powerflow-cfd-simulation}
}

@online{openmpi,
  author = {Open MPI Project},
  title = {Open MPI Project Home page},
  year = 2017,
  url = {https://www.open-mpi.org}
}

@online{comsol,
  author = {Inc. COMSOL},
  title = {COMSOL Home page},
  year = 2017,
  url = {https://br.comsol.com}
}

@online{ansys,
  author = {Inc. ANSYS},
  title = {ANSYS Home page},
  year = 2017,
  url = {https://www.ansys.com}
}

@book{munjal,
  title={Acoustics of ducts and mufflers with application to exhaust and ventilation system design},
  author={Munjal, Manchar Lal},
  year={1987},
  publisher={John Wiley \& Sons}
}


@article{bouzidi2001momentum,
  title={Momentum transfer of a Boltzmann-lattice fluid with boundaries},
  author={Bouzidi, M‚Äôhamed and Firdaouss, Mouaouia and Lallemand, Pierre},
  journal={Physics of Fluids (1994-present)},
  volume={13},
  number={11},
  pages={3452--3459},
  year={2001},
  publisher={AIP Publishing}
}


@inproceedings{kam2006non,
  title={Non-reflecting boundary for one-step lbm simulation of aeroacoustics},
  author={Kam, EWS and So, RMC and Leung, RCK},
  booktitle={27th AIAA Aeroacoustics Conference},
  pages={1--9},
  year={2006}
}

@article{viggen2014acoustic,
  title={Acoustic equations of state for simple lattice Boltzmann velocity sets},
  author={Viggen, Erlend Magnus},
  journal={Physical Review E},
  volume={90},
  number={1},
  pages={013310},
  year={2014},
  publisher={APS}
}

@article{viggen2013acoustic,
  title={Acoustic multipole sources for the lattice Boltzmann method},
  author={Viggen, Erlend Magnus},
  journal={Physical Review E},
  volume={87},
  number={2},
  pages={023306},
  year={2013},
  publisher={APS}
}


@article{lew2010noise,
  title={Noise prediction of a subsonic turbulent round jet using the lattice-Boltzmann method},
  author={Lew, Phoi-Tack and Mongeau, Luc and Lyrintzis, Anastasios},
  journal={The Journal of the Acoustical Society of America},
  volume={128},
  number={3},
  pages={1118--1127},
  year={2010},
  publisher={Acoustical Society of America}
}

@article{crouse2006fundamental,
  title={Fundamental aeroacoustic capabilities of the lattice-Boltzmann method},
  author={Crouse, Bernd and Freed, David and Balasubramanian, Ganapathy and Senthooran, Sivapalan and Lew, Phoi-Tack and Mongeau, Luc},
  journal={AIAA paper},
  volume={2571},
  year={2006}
}


@article{he1997theory,
  title={Theory of the lattice Boltzmann method: From the Boltzmann equation to the lattice Boltzmann equation},
  author={He, Xiaoyi and Luo, Li-Shi},
  journal={Physical Review E},
  volume={56},
  number={6},
  pages={6811},
  year={1997},
  publisher={APS}
}

@article{silva2012approximate,
  title={Approximate expressions for the reflection coefficient of ducts terminated by circular flanges},
  author={Silva, Andrey R Da and Mareze, Paulo Henrique and Lenzi, Arcanjo},
  journal={Journal of the Brazilian Society of Mechanical Sciences and Engineering},
  volume={34},
  number={2},
  pages={219--224},
  year={2012},
  publisher={SciELO Brasil}
}

@article{selamet2001wave,
  title={Wave reflections from duct terminations},
  author={Selamet, A and Ji, ZL and Kach, RA},
  journal={The Journal of the Acoustical Society of America},
  volume={109},
  number={4},
  pages={1304--1311},
  year={2001},
  publisher={Acoustical Society of America}
}


@article{dalmont2001radiation,
  title={Radiation impedance of tubes with different flanges: numerical and experimental investigations},
  author={Dalmont, J-P and Nederveen, CJ and Joly, N},
  journal={Journal of sound and vibration},
  volume={244},
  number={3},
  pages={505--534},
  year={2001},
  publisher={Elsevier}
}



@article{inoue2006aeolian,
  title={Aeolian tones radiated from flow past two square cylinders in a side-by-side arrangement},
  author={Inoue, O and Iwakami, Wakana and Hatakeyama, N},
  journal={Physics of Fluids (1994-present)},
  volume={18},
  number={4},
  pages={046104},
  year={2006},
  publisher={AIP Publishing}
}


@article{ali2011sound,
  title={The sound generated by a square cylinder with a splitter plate at low Reynolds number},
  author={Ali, Mohamed Sukri Mat and Doolan, Con J and Wheatley, Vincent},
  journal={Journal of sound and vibration},
  volume={330},
  number={15},
  pages={3620--3635},
  year={2011},
  publisher={Elsevier}
}

@article{najafi2012absorbing,
  title={An absorbing boundary condition for the lattice Boltzmann method based on the perfectly matched layer},
  author={Najafi-Yazdi, A and Mongeau, L},
  journal={Computers \& fluids},
  volume={68},
  pages={203--218},
  year={2012},
  publisher={Elsevier}
}


@inproceedings{da2015assessment,
  title={Assessment of Jet-Plate Interaction Noise Using the Lattice Boltzmann Method},
  author={da Silva, Filipe D and Deschamps, Cesar J and da Silva, Andrey R and Sim{\~o}es, Leandro G},
  booktitle={21st AIAA/CEAS Aeroacoustics Conference},
  pages={2207},
  year={2015}
}


@article{lockard2000efficient,
  title={An efficient, two-dimensional implementation of the Ffowcs Williams and Hawkings equation},
  author={Lockard, David P},
  journal={Journal of Sound and Vibration},
  volume={229},
  number={4},
  pages={897--911},
  year={2000},
  publisher={Elsevier}
}


@article{buick2011investigation,
  title={Investigation of non-linear acoustic losses at the open end of a tube},
  author={Buick, James M and Atig, M and Skulina, DJ and Campbell, DM and Dalmont, JP and Gilbert, J},
  journal={The Journal of the Acoustical Society of America},
  volume={129},
  number={3},
  pages={1261--1272},
  year={2011},
  publisher={Acoustical Society of America}
}

@article{qian1992lattice,
  title={Lattice BGK models for Navier-Stokes equation},
  author={Qian, YH and d'Humi{\`e}res, Dominique and Lallemand, Pierre},
  journal={EPL (Europhysics Letters)},
  volume={17},
  number={6},
  pages={479},
  year={1992},
  publisher={IOP Publishing}
}


@book{succi2001lattice,
  title={The lattice Boltzmann equation: for fluid dynamics and beyond},
  author={Succi, Sauro},
  year={2001},
  publisher={Oxford university press}
}

@article{da2006lattice,
  title={Lattice Boltzmann simulations of the acoustic radiation from waveguides},
  author={Da Silva, AR and Scavone, GP},
  journal={Journal of Physics A: Mathematical and Theoretical},
  volume={40},
  number={3},
  pages={397},
  year={2006},
  publisher={IOP Publishing}
}


@article{halliday2001lattice,
  title={Lattice Boltzmann equation hydrodynamics},
  author={Halliday, I and Hammond, LA and Care, CM and Good, K and Stevens, A},
  journal={Physical review E},
  volume={64},
  number={1},
  pages={011208},
  year={2001},
  publisher={APS}
}

@article{shi2013lattice,
  title={Lattice Boltzmann simulations of sound directivity of a cylindrical pipe with mean flow},
  author={Yong and da Silva, Andrey R and Scavone, Gary P},
  journal={Journal of Physics A: Mathematical and Theoretical},
  volume={46},
  number={31},
  pages={315501},
  year={2013},
  publisher={IOP Publishing}
}

@article{da2009sound,
  title={Sound reflection at the open end of axisymmetric ducts issuing a subsonic mean flow: A numerical study},
  author={Da Silva, AR and Scavone, GP and Lefebvre, A},
  journal={Journal of Sound and Vibration},
  volume={327},
  number={3},
  pages={507--528},
  year={2009},
  publisher={Elsevier}
}


@article{savkar1975radiation,
  title={Radiation of cylindrical duct acoustic modes with flow mismatch},
  author={Savkar, SD},
  journal={Journal of Sound and Vibration},
  volume={42},
  number={3},
  pages={363--386},
  year={1975},
  publisher={Elsevier}
}


@article{mani1973refraction,
  title={Refraction of acoustic duct waveguide modes by exhaust jets.},
  author={Mani, R},
  year={1973}
}

@techreport{carrier1955sound,
  title={Sound transmission from a tube with flow},
  author={Carrier, GF},
  year={1955},
  institution={DTIC Document}
}

@article{munt1990acoustic,
  title={Acoustic transmission properties of a jet pipe with subsonic jet flow: I. The cold jet reflection coefficient},
  author={Munt, RM},
  journal={Journal of Sound and Vibration},
  volume={142},
  number={3},
  pages={413--436},
  year={1990},
  publisher={Elsevier}
}


@article{munt1977interaction,
  title={The interaction of sound with a subsonic jet issuing from a semi-infinite cylindrical pipe},
  author={Munt, RM},
  journal={Journal of Fluid Mechanics},
  volume={83},
  number={04},
  pages={609--640},
  year={1977},
  publisher={Cambridge Univ Press}
}

@article{levine1948radiation,
  title={On the radiation of sound from an unflanged circular pipe},
  author={Levine, Harold and Schwinger, Julian},
  journal={Physical review},
  volume={73},
  number={4},
  pages={383},
  year={1948},
  publisher={APS}
}


@article{allam2006investigation,
	title={Investigation of damping and radiation using full plane wave decomposition in ducts},
	author={Allam, Sabry and {\AA}bom, Mats},
	journal={Journal of sound and vibration},
	volume={292},
	number={3},
	pages={519--534},
	year={2006},
	publisher={Elsevier}
}
